<?xml version="1.0" encoding="UTF-8"?><collection xmlns="http://www.loc.gov/MARC21/slim"><record><leader>00484nam--2200133-i-4500</leader><controlfield tag="001">000030911</controlfield><controlfield tag="002">20161230</controlfield><controlfield tag="005">20161230201038</controlfield><controlfield tag="008">060222s1000------------r-----000-0-eng-d</controlfield><datafield ind1=" " ind2=" " tag="080"><subfield code="a">543.53:621.384.633(043)</subfield></datafield><datafield ind1=" " ind2=" " tag="100"><subfield code="a">Melki, Sami</subfield></datafield><datafield ind1=" " ind2=" " tag="245"><subfield code="a">Contribution a l`etude des possibilites d`analyse par activation au moyen des neutrons produits au cyclotron.exemples d`applications en archeologie, metallurgie et geologie.these</subfield></datafield><datafield ind1=" " ind2=" " tag="260"><subfield code="a">Orleans, L`Universite, 1980. 224p</subfield></datafield><datafield ind1=" " ind2=" " tag="852"><subfield code="a">70617</subfield></datafield></record></collection>